@article{odikamnoro2018incidence,
  title={incidence of malaria/typhoid co-infection among adult population in Unwana community, Afikpo North Local Government Area, Ebonyi State, Southeastern Nigeria},
  author={Odikamnoro, OO and Ikeh, IM and Okoh, FN and Ebiriekwe, SC and Nnadozie, IA and Nkwuda, JO and Asobie, GC},
  journal={African journal of infectious diseases},
  volume={12},
  number={1},
  pages={33--38},
  year={2018},
  publisher={Obafemi Awolowo University}
}

@article{arroz2016assessment,
	title={Assessment on the ownership and use of mosquito nets in Mozambique},
	author={Arroz, Jorge Alexandre Harrison and Chirrute, Francisco and Mendis, Chandana and Chande, Marta Honesta and Kollhoff, Veronique},
	journal={Revista de saude publica},
	volume={50},
	pages={67},
	year={2016},
	publisher={SciELO Public Health}
}

@article{martens1995potential,
	title={Potential impact of global climate change on malaria risk.},
	author={Martens, WJ and Niessen, Louis W and Rotmans, Jan and Jetten, Theo H and McMichael, Anthony J},
	journal={Environmental health perspectives},
	volume={103},
	number={5},
	pages={458--464},
	year={1995}
}


@article{klutse2014assessment,
	title={Assessment of patterns of climate variables and malaria cases in two ecological zones of Ghana},
	author={Klutse, Nana Ama Browne and Aboagye-Antwi, Fred and Owusu, Kwadwo and Ntiamoa-Baidu, Yaa and others},
	journal={Open Journal of Ecology},
	volume={4},
	number={12},
	pages={764},
	year={2014},
	publisher={Scientific Research Publishing}
}




@article{mohammadkhani2016relation,
	title={The relation between climatic factors and malaria incidence in Kerman, South East of Iran},
	author={Mohammadkhani, Minoo and Khanjani, Narges and Bakhtiari, Bahram and Sheikhzadeh, Khodadad},
	journal={Parasite epidemiology and control},
	volume={1},
	number={3},
	pages={205--210},
	year={2016},
	publisher={Elsevier}
}

@article{de2012impact,
	title={Impact of climate change on the geographic scope of diseases},
	author={De Souza, Dziedzom K and Owusu, Priscilla N and Wilson, Michael D},
	journal={Human and social dimensions of climate change},
	pages={245},
	year={2012},
	publisher={BoD--Books on Demand}
}

@article{ceccato2012vectorial,
	title={A vectorial capacity product to monitor changing malaria transmission potential in epidemic regions of Africa},
	author={Ceccato, Pietro and Vancutsem, Christelle and Klaver, Robert and Rowland, James and Connor, Stephen J},
	journal={Journal of tropical medicine},
	volume={2012},
	year={2012},
	publisher={Hindawi}
}

@article{caminade2014impact,
	title={Impact of climate change on global malaria distribution},
	author={Caminade, Cyril and Kovats, Sari and Rocklov, Joacim and Tompkins, Adrian M and Morse, Andrew P and Col{\'o}n-Gonz{\'a}lez, Felipe J and Stenlund, Hans and Martens, Pim and Lloyd, Simon J},
	journal={Proceedings of the National Academy of Sciences},
	volume={111},
	number={9},
	pages={3286--3291},
	year={2014},
	publisher={National Acad Sciences}
}


@article{christian2021effect,
	title={The effect of adaptive capacity to malaria on subjective welfare in Ghana},
	author={Christian, Aaron K and Akpalu, Wisdom},
	journal={Environmental and Sustainability Indicators},
	volume={9},
	pages={100097},
	year={2021},
	publisher={Elsevier}
}

@article{afrane2008deforestation,
	title={Deforestation and vectorial capacity of Anopheles gambiae Giles mosquitoes in malaria transmission, Kenya},
	author={Afrane, Yaw A and Little, Tom J and Lawson, Bernard W and Githeko, Andrew K and Yan, Guiyun},
	journal={Emerging infectious diseases},
	volume={14},
	number={10},
	pages={1533},
	year={2008},
	publisher={Centers for Disease Control and Prevention}
}

@techreport{world2014malaria,
	title={Malaria: fact sheet},
	author={W.H.O},
	year={2014},
	institution={World Health Organization. Regional Office for the Eastern Mediterranean}
}


@techreport{world2020malaria,
	title={Malaria: fact sheet},
	author={W.H.O},
	year={2020},
	institution={World Health Organization. Regional Office for the Eastern Mediterranean}
}


@article{martens1995potential,
	title={Potential impact of global climate change on malaria risk.},
	author={Martens, WJ and Niessen, Louis W and Rotmans, Jan and Jetten, Theo H and McMichael, Anthony J},
	journal={Environmental health perspectives},
	volume={103},
	number={5},
	pages={458--464},
	year={1995}
}


@article{cohuet2010evolutionary,
	title={Evolutionary forces on Anopheles: what makes a malaria vector?},
	author={Cohuet, Anna and Harris, Caroline and Robert, Vincent and Fontenille, Didier},
	journal={Trends in parasitology},
	volume={26},
	number={3},
	pages={130--136},
	year={2010},
	publisher={Elsevier}
}


@techreport{garrett1964prognosis,
	title={The prognosis for interruption of malaria transmission through assessment of the mosquito's vectorial capacity},
	author={Garrett-Jones, C and Ferreira Neto, Joaquim Alves and World Health Organization and others},
	year={1964},
	institution={World Health Organization}
}



@article{lunde2013malaria,
	title={How malaria models relate temperature to malaria transmission},
	author={Lunde, Torleif Markussen and Bayoh, Mohamed Nabie and Lindtj{\o}rn, Bernt},
	journal={Parasites \& vectors},
	volume={6},
	number={1},
	pages={1--10},
	year={2013},
	publisher={BioMed Central}
}


@book{detinova1962age,
	title={Age-grouping methods in Diptera of medical importance, with special reference to some vectors of malaria},
	author={Detinova, Tatiana Sergeevna and Bertram, Douglas S and World Health Organization and others},
	year={1962},
	publisher={World Health Organization}
}


@article{paaijmans2012warmer,
	title={Warmer temperatures reduce the vectorial capacity of malaria mosquitoes},
	author={Paaijmans, Krijn P and Blanford, Simon and Chan, Brian HK and Thomas, Matthew B},
	journal={Biology letters},
	volume={8},
	number={3},
	pages={465--468},
	year={2012},
	publisher={The Royal Society}
}

@article{amekudzi2015variabilities,
	title={Variabilities in rainfall onset, cessation and length of rainy season for the various agro-ecological zones of Ghana},
	author={Amekudzi, Leonard K and Yamba, Edmund I and Preko, Kwasi and Asare, Ernest O and Aryee, Jeffrey and Baidu, Michael and Codjoe, Samuel NA},
	journal={Climate},
	volume={3},
	number={2},
	pages={416--434},
	year={2015},
	publisher={Multidisciplinary Digital Publishing Institute}
}

